% References for FOKS whitepaper

@inproceedings{mazieres2002sundr,
  title={Separating key management from file system security},
  author={Mazi{\`e}res, David and Kaminsky, Michael and Kaashoek, M Frans and Witchel, Emmett},
  booktitle={ACM SIGOPS Operating Systems Review},
  volume={33},
  number={5},
  pages={124--139},
  year={1999},
  organization={ACM},
  doi={10.1145/319344.319160}
}

@inproceedings {sundr,
author = {Jinyuan Li and Maxwell Krohn and David Mazi{\`e}res and Dennis Shasha},
title = {Secure Untrusted Data Repository ({{{{{SUNDR}}}}})},
booktitle = {6th Symposium on Operating Systems Design \& Implementation (OSDI 04)},
year = {2004},
address = {San Francisco, CA},
url = {https://www.usenix.org/conference/osdi-04/secure-untrusted-data-repository-sundr},
publisher = {USENIX Association},
month = dec
}


@misc{keybase,
  title = {Keybase.io},
  author = {Chris Coyne and Maxwell Krohn},
  year = {2014},
  howpublished = {\url{https://keybase.io}},
  note = {Accessed: 2024}
}

@inproceedings{coniks,
  title={CONIKS: Bringing Key Transparency to End Users},
  author={Melara, Marcela S and Blankstein, Aaron and Bonneau, Joseph and Felten, Edward W and Freedman, Michael J},
  booktitle={24th USENIX Security Symposium (USENIX Security 15)},
  pages={383--398},
  year={2015},
  organization={USENIX Association},
  address={Washington, D.C.},
  url={https://www.usenix.org/conference/usenixsecurity15/technical-sessions/presentation/melara}
}
